
<srw:record>
<srw:recordSchema>marcxchange</srw:recordSchema>
<srw:recordPacking>xml</srw:recordPacking>
<srw:recordData>
<mxc:record xmlns:mxc="info:lc/xmlns/marcxchange-v2" format="INTERMARC" id="ark:/12148/cb32726196v" type="Bibliographic">   <mxc:leader>00596c61s 2200027 h145a </mxc:leader>   <mxc:controlfield tag="001">FRBNF327261960000007</mxc:controlfield>   <mxc:controlfield tag="003">http://catalogue.bnf.fr/ark:/12148/cb32726196v</mxc:controlfield>   <mxc:controlfield tag="008">970701d 1906 1909            frfre p?xxb      </mxc:controlfield>   <mxc:controlfield tag="009">a                  </mxc:controlfield>   <mxc:datafield tag="051" ind1=" " ind2=" ">      <mxc:subfield code="a">txt</mxc:subfield>      <mxc:subfield code="b">n</mxc:subfield>   </mxc:datafield>   <mxc:datafield tag="222" ind1="0" ind2="0">      <mxc:subfield code="a">Bulletin des Hugophiles</mxc:subfield>   </mxc:datafield>   <mxc:datafield tag="245" ind1="1" ind2=" ">      <mxc:subfield code="a">Bulletin des Hugophiles. Organe de la Société littéraire et artistique dénommée Les Hugophiles ["puis" Organe de la Société Victor Hugo]</mxc:subfield>      <mxc:subfield code="d">Texte imprimé</mxc:subfield>   </mxc:datafield>   <mxc:datafield tag="255" ind1="9" ind2=" ">      <mxc:subfield code="r">1906-1909 [I-IV]</mxc:subfield>   </mxc:datafield>   <mxc:datafield tag="260" ind1=" " ind2=" ">      <mxc:subfield code="a">Paris</mxc:subfield>      <mxc:subfield code="c">[s.n.?]</mxc:subfield>   </mxc:datafield>   <mxc:datafield tag="280" ind1=" " ind2=" ">      <mxc:subfield code="d">In-fol</mxc:subfield>   </mxc:datafield>   <mxc:datafield tag="690" ind1=" " ind2=" ">      <mxc:subfield code="a">CorPress</mxc:subfield>   </mxc:datafield>   <mxc:datafield tag="710" ind1=" " ind2=" ">      <mxc:subfield code="3">11380254</mxc:subfield>      <mxc:subfield code="w">20..b.....</mxc:subfield>      <mxc:subfield code="a">Société Victor Hugo</mxc:subfield>      <mxc:subfield code="4">0070</mxc:subfield>   </mxc:datafield>   <mxc:datafield tag="785" ind1=" " ind2="0">      <mxc:subfield code="3">32724935</mxc:subfield>      <mxc:subfield code="t">Bulletin de la Société Victor Hugo</mxc:subfield>      <mxc:subfield code="x">2555-4824</mxc:subfield>   </mxc:datafield>   <mxc:datafield tag="790" ind1=" " ind2=" ">      <mxc:subfield code="3">32726195</mxc:subfield>      <mxc:subfield code="t">*Bulletin des Hugophiles...</mxc:subfield>   </mxc:datafield>   <mxc:datafield tag="917" ind1=" " ind2=" ">      <mxc:subfield code="o">CRI</mxc:subfield>      <mxc:subfield code="a">PR009005420002J</mxc:subfield>   </mxc:datafield>
</mxc:record>      </srw:recordData>
<srw:recordIdentifier>ark:/12148/cb32726196v</srw:recordIdentifier>
<srw:recordPosition>4</srw:recordPosition>
<srw:extraRecordData>
<ixm:attr name="CreationDate">19970701</ixm:attr>
<ixm:attr name="LastModificationDate">20191216</ixm:attr>
<mn:score>11.203968</mn:score>
</srw:extraRecordData>
</srw:record>