
<srw:record>
<srw:recordSchema>marcxchange</srw:recordSchema>
<srw:recordPacking>xml</srw:recordPacking>
<srw:recordData>
<mxc:record xmlns:mxc="info:lc/xmlns/marcxchange-v2" format="INTERMARC" id="ark:/12148/cb327053884" type="Bibliographic">   <mxc:leader>01285n61s 2200027 h145a </mxc:leader>   <mxc:controlfield tag="001">FRBNF327053880000004</mxc:controlfield>   <mxc:controlfield tag="003">http://catalogue.bnf.fr/ark:/12148/cb327053884</mxc:controlfield>   <mxc:controlfield tag="008">970701d 1866 1935            frfre p?xxb      </mxc:controlfield>   <mxc:controlfield tag="009">a                  </mxc:controlfield>   <mxc:datafield tag="051" ind1=" " ind2=" ">      <mxc:subfield code="a">txt</mxc:subfield>      <mxc:subfield code="b">n</mxc:subfield>   </mxc:datafield>   <mxc:datafield tag="222" ind1="0" ind2="0">      <mxc:subfield code="a">Association fraternelle des anciens élèves du Lycée de Besançon. Circulaire </mxc:subfield>   </mxc:datafield>   <mxc:datafield tag="245" ind1="1" ind2=" ">      <mxc:subfield code="a">Association fraternelle des anciens élèves du Lycée ["puis" Victor Hugo] de Besançon. Circulaire ["puis" Rapport du secrétaire à l'assemblée générale... ; ... Assemblée générale... banquet annuel...]</mxc:subfield>      <mxc:subfield code="d">Texte imprimé</mxc:subfield>   </mxc:datafield>   <mxc:datafield tag="255" ind1="9" ind2=" ">      <mxc:subfield code="r">1866-1935 [?]</mxc:subfield>   </mxc:datafield>   <mxc:datafield tag="260" ind1=" " ind2=" ">      <mxc:subfield code="a">Besançon</mxc:subfield>      <mxc:subfield code="c">[s.n.?]</mxc:subfield>   </mxc:datafield>   <mxc:datafield tag="280" ind1=" " ind2=" ">      <mxc:subfield code="d">In-8</mxc:subfield>   </mxc:datafield>   <mxc:datafield tag="300" ind1=" " ind2=" ">      <mxc:subfield code="a">Avec un fascicule publié en 1936 sous le titre de : "Livre d'or contenant les listes glorieuses des anciens élèves morts pour la patrie de 1870 à 1918" et un fascicule publié en 1966 à l'occasion du centenaire de l'Association, intitulé : "Bulletin de l'Association des anciens élèves du Lycée Victor-Hugo de Besançon 1866/1966"</mxc:subfield>   </mxc:datafield>   <mxc:datafield tag="690" ind1=" " ind2=" ">      <mxc:subfield code="a">CorPress</mxc:subfield>   </mxc:datafield>   <mxc:datafield tag="710" ind1=" " ind2=" ">      <mxc:subfield code="3">11673836</mxc:subfield>      <mxc:subfield code="w">20..b.....</mxc:subfield>      <mxc:subfield code="a">Association amicale des anciens élèves du lycée Victor Hugo</mxc:subfield>      <mxc:subfield code="c">Besançon</mxc:subfield>      <mxc:subfield code="4">0070</mxc:subfield>   </mxc:datafield>   <mxc:datafield tag="750" ind1="1" ind2="3">      <mxc:subfield code="a">Livre d'or contenant les listes glorieuses des anciens élèves morts pour la patrie de 1870 à 1918</mxc:subfield>   </mxc:datafield>   <mxc:datafield tag="750" ind1="1" ind2="3">      <mxc:subfield code="a">Bulletin de l'Association des anciens élèves du Lycée Victor-Hugo de Besançon 1866/1966</mxc:subfield>   </mxc:datafield>   <mxc:datafield tag="917" ind1=" " ind2=" ">      <mxc:subfield code="o">CRI</mxc:subfield>      <mxc:subfield code="a">PR004505430001J</mxc:subfield>   </mxc:datafield>
</mxc:record>      </srw:recordData>
<srw:recordIdentifier>ark:/12148/cb327053884</srw:recordIdentifier>
<srw:recordPosition>8</srw:recordPosition>
<srw:extraRecordData>
<ixm:attr name="CreationDate">19970701</ixm:attr>
<ixm:attr name="LastModificationDate">20230615</ixm:attr>
<mn:score>10.872327</mn:score>
</srw:extraRecordData>
</srw:record>