
<srw:record>
<srw:recordSchema>marcxchange</srw:recordSchema>
<srw:recordPacking>xml</srw:recordPacking>
<srw:recordData>
<mxc:record xmlns:mxc="info:lc/xmlns/marcxchange-v2" format="INTERMARC" id="ark:/12148/cb327035735" type="Bibliographic">   <mxc:leader>01263c61s 2200027 h145a </mxc:leader>   <mxc:controlfield tag="001">FRBNF327035730000003</mxc:controlfield>   <mxc:controlfield tag="003">http://catalogue.bnf.fr/ark:/12148/cb327035735</mxc:controlfield>   <mxc:controlfield tag="008">970701d 19?? 1950            frfre p?xxb      </mxc:controlfield>   <mxc:controlfield tag="009">a                  </mxc:controlfield>   <mxc:datafield tag="051" ind1=" " ind2=" ">      <mxc:subfield code="a">txt</mxc:subfield>      <mxc:subfield code="b">n</mxc:subfield>   </mxc:datafield>   <mxc:datafield tag="245" ind1="1" ind2=" ">      <mxc:subfield code="a">Association amicale des anciennes élèves du Lycée Victor Hugo. Bulletin annuel ["puis" Bulletin trimestriel contenant l'annuaire]</mxc:subfield>      <mxc:subfield code="d">Texte imprimé</mxc:subfield>   </mxc:datafield>   <mxc:datafield tag="255" ind1="9" ind2=" ">      <mxc:subfield code="r">[...]. 1946-1950</mxc:subfield>   </mxc:datafield>   <mxc:datafield tag="260" ind1=" " ind2=" ">      <mxc:subfield code="a">Paris</mxc:subfield>      <mxc:subfield code="c">[s.n.?]</mxc:subfield>   </mxc:datafield>   <mxc:datafield tag="280" ind1=" " ind2=" ">      <mxc:subfield code="d">In-8</mxc:subfield>   </mxc:datafield>   <mxc:datafield tag="300" ind1=" " ind2=" ">      <mxc:subfield code="a">En 1946-1948 reparaît avec le sous-titre initial. - En 1949/50, paraît sous le titre de : "Bulletin trimestriel des anciennes élèves et des parents d'élèves du Lycée Victor Hugo. Association des anciennes élèves. Année 1949/1950". - A partir de 1917 publie un Bulletin trimestriel, voir : "Association amicale des anciennes élèves du Lycée Victor Hugo. Bulletin trimestriel"</mxc:subfield>   </mxc:datafield>   <mxc:datafield tag="690" ind1=" " ind2=" ">      <mxc:subfield code="a">CorPress</mxc:subfield>   </mxc:datafield>   <mxc:datafield tag="710" ind1=" " ind2=" ">      <mxc:subfield code="3">11418234</mxc:subfield>      <mxc:subfield code="w">20..b.....</mxc:subfield>      <mxc:subfield code="a">Association amicale des anciennes élèves du Lycée Victor Hugo</mxc:subfield>      <mxc:subfield code="c">Paris</mxc:subfield>      <mxc:subfield code="4">0070</mxc:subfield>   </mxc:datafield>   <mxc:datafield tag="750" ind1="1" ind2="3">      <mxc:subfield code="a">Bulletin trimestriel des anciennes élèves et des parents d'élèves du Lycée Victor Hugo. Association des anciennes élèves. Année 1949/1950</mxc:subfield>   </mxc:datafield>   <mxc:datafield tag="750" ind1="1" ind2="3">      <mxc:subfield code="a">Association amicale des anciennes élèves du Lycée Victor Hugo. Bulletin trimestriel</mxc:subfield>   </mxc:datafield>   <mxc:datafield tag="790" ind1=" " ind2=" ">      <mxc:subfield code="3">32703572</mxc:subfield>      <mxc:subfield code="t">*Association amicale des anciennes élèves du Lycée Victor Hugo. Bulletin annuel ["puis" Bulletin trimestriel contenant l'annuaire]</mxc:subfield>   </mxc:datafield>   <mxc:datafield tag="917" ind1=" " ind2=" ">      <mxc:subfield code="o">CRI</mxc:subfield>      <mxc:subfield code="a">PR004104400002J</mxc:subfield>   </mxc:datafield>
</mxc:record>      </srw:recordData>
<srw:recordIdentifier>ark:/12148/cb327035735</srw:recordIdentifier>
<srw:recordPosition>12</srw:recordPosition>
<srw:extraRecordData>
<ixm:attr name="CreationDate">19970701</ixm:attr>
<ixm:attr name="LastModificationDate">20191212</ixm:attr>
<mn:score>10.671785</mn:score>
</srw:extraRecordData>
</srw:record>