
<srw:record>
<srw:recordSchema>marcxchange</srw:recordSchema>
<srw:recordPacking>xml</srw:recordPacking>
<srw:recordData>
<mxc:record xmlns:mxc="info:lc/xmlns/marcxchange-v2" format="INTERMARC" id="ark:/12148/cb34373459c" type="Bibliographic">   <mxc:leader>00641c01s 2200027 i245a </mxc:leader>   <mxc:controlfield tag="001">FRBNF343734590000007</mxc:controlfield>   <mxc:controlfield tag="003">http://catalogue.bnf.fr/ark:/12148/cb34373459c</mxc:controlfield>   <mxc:controlfield tag="008">851210d 19?? 199?            frfre pq 7b     1</mxc:controlfield>   <mxc:controlfield tag="009">ax x          xx   </mxc:controlfield>   <mxc:datafield tag="022" ind1="1" ind2=" ">      <mxc:subfield code="a">0297-097X</mxc:subfield>      <mxc:subfield code="c">0297-097X</mxc:subfield>   </mxc:datafield>   <mxc:datafield tag="051" ind1=" " ind2=" ">      <mxc:subfield code="a">txt</mxc:subfield>      <mxc:subfield code="b">n</mxc:subfield>   </mxc:datafield>   <mxc:datafield tag="222" ind1="0" ind2=" ">      <mxc:subfield code="a">Le Moulin qui parle</mxc:subfield>   </mxc:datafield>   <mxc:datafield tag="245" ind1="1" ind2=" ">      <mxc:subfield code="a">[Le Moulin qui parle]</mxc:subfield>      <mxc:subfield code="d">Texte imprimé</mxc:subfield>   </mxc:datafield>   <mxc:datafield tag="260" ind1=" " ind2=" ">      <mxc:subfield code="a">Epinay-sur-Seine</mxc:subfield>      <mxc:subfield code="c">Ecole Victor Hugo</mxc:subfield>      <mxc:subfield code="d">[19..]-[199.]</mxc:subfield>   </mxc:datafield>   <mxc:datafield tag="300" ind1=" " ind2=" ">      <mxc:subfield code="a">Dernier n ° reçu au titre du dépôt légal : n ° 31 (1992, sept.)</mxc:subfield>      <mxc:subfield code="a">Notice réd. d'après le n ° : n ° 11 (1985, mai)</mxc:subfield>   </mxc:datafield>   <mxc:datafield tag="676" ind1=" " ind2=" ">      <mxc:subfield code="3">13678633</mxc:subfield>      <mxc:subfield code="i">372</mxc:subfield>      <mxc:subfield code="v">23</mxc:subfield>      <mxc:subfield code="a">Enseignement primaire</mxc:subfield>   </mxc:datafield>   <mxc:datafield tag="710" ind1=" " ind2=" ">      <mxc:subfield code="3">11992995</mxc:subfield>      <mxc:subfield code="w">20..b.....</mxc:subfield>      <mxc:subfield code="a">École élémentaire Victor-Hugo 1</mxc:subfield>      <mxc:subfield code="c">Épinay-sur-Seine, Seine-Saint-Denis</mxc:subfield>      <mxc:subfield code="4">0070</mxc:subfield>   </mxc:datafield>   <mxc:datafield tag="917" ind1=" " ind2=" ">      <mxc:subfield code="o">OPL</mxc:subfield>      <mxc:subfield code="a">00420156X</mxc:subfield>   </mxc:datafield>   <mxc:datafield tag="919" ind1=" " ind2=" ">      <mxc:subfield code="p">FR</mxc:subfield>      <mxc:subfield code="o">CNEPS</mxc:subfield>      <mxc:subfield code="a">0297097X</mxc:subfield>   </mxc:datafield>   <mxc:datafield tag="970" ind1=" " ind2=" ">      <mxc:subfield code="l">D1</mxc:subfield>   </mxc:datafield>
</mxc:record>      </srw:recordData>
<srw:recordIdentifier>ark:/12148/cb34373459c</srw:recordIdentifier>
<srw:recordPosition>13</srw:recordPosition>
<srw:extraRecordData>
<ixm:attr name="CreationDate">19860728</ixm:attr>
<ixm:attr name="LastModificationDate">20180919</ixm:attr>
<mn:score>10.548648</mn:score>
</srw:extraRecordData>
</srw:record>