
<srw:record>
<srw:recordSchema>marcxchange</srw:recordSchema>
<srw:recordPacking>xml</srw:recordPacking>
<srw:recordData>
<mxc:record xmlns:mxc="info:lc/xmlns/marcxchange-v2" format="INTERMARC" id="ark:/12148/cb344831081" type="Bibliographic">   <mxc:leader>01178c01s 2200027  345a </mxc:leader>   <mxc:controlfield tag="001">FRBNF344831080000008</mxc:controlfield>   <mxc:controlfield tag="003">http://catalogue.bnf.fr/ark:/12148/cb344831081</mxc:controlfield>   <mxc:controlfield tag="008">931118d 1968 196.            frfre p? 7b      </mxc:controlfield>   <mxc:controlfield tag="009">a  d               </mxc:controlfield>   <mxc:datafield tag="022" ind1="1" ind2=" ">      <mxc:subfield code="a">2677-3384</mxc:subfield>      <mxc:subfield code="c">2669-4166</mxc:subfield>   </mxc:datafield>   <mxc:datafield tag="051" ind1=" " ind2=" ">      <mxc:subfield code="a">txt</mxc:subfield>      <mxc:subfield code="b">n</mxc:subfield>   </mxc:datafield>   <mxc:datafield tag="110" ind1=" " ind2=" ">      <mxc:subfield code="3">16988177</mxc:subfield>      <mxc:subfield code="w">20..b.....</mxc:subfield>      <mxc:subfield code="a">Parti communiste français</mxc:subfield>      <mxc:subfield code="b">Cellule Victor Hugo</mxc:subfield>      <mxc:subfield code="c">Paris 16e arr.</mxc:subfield>      <mxc:subfield code="4">0070</mxc:subfield>   </mxc:datafield>   <mxc:datafield tag="222" ind1="0" ind2=" ">      <mxc:subfield code="a">Un certain 16e</mxc:subfield>   </mxc:datafield>   <mxc:datafield tag="245" ind1="1" ind2=" ">      <mxc:subfield code="a">Un certain 16e</mxc:subfield>      <mxc:subfield code="d">Texte imprimé</mxc:subfield>      <mxc:subfield code="e">journal de la Cellule Victor Hugo du Parti communiste français</mxc:subfield>   </mxc:datafield>   <mxc:datafield tag="260" ind1=" " ind2=" ">      <mxc:subfield code="a">[Paris]</mxc:subfield>      <mxc:subfield code="c">[s.n.]</mxc:subfield>      <mxc:subfield code="d">[1968 ?]-[196. ?]</mxc:subfield>   </mxc:datafield>   <mxc:datafield tag="280" ind1=" " ind2=" ">      <mxc:subfield code="d">27 cm</mxc:subfield>   </mxc:datafield>   <mxc:datafield tag="300" ind1=" " ind2=" ">      <mxc:subfield code="a">Polytypé</mxc:subfield>      <mxc:subfield code="a">Notice rédigée d'après le seul numéro attesté : n° 2 (juin 1968)</mxc:subfield>   </mxc:datafield>   <mxc:datafield tag="321" ind1=" " ind2=" ">      <mxc:subfield code="t">Liste des périodiques français publiés à l'occasion ou à la suite des événements de mai-juin 1968 et conservés à la Bibliothèque nationale</mxc:subfield>   </mxc:datafield>   <mxc:datafield tag="376" ind1=" " ind2=" ">      <mxc:subfield code="k">77630</mxc:subfield>      <mxc:subfield code="t">Un certain 16e (Reproduction numérique)</mxc:subfield>      <mxc:subfield code="x">2669-4166</mxc:subfield>      <mxc:subfield code="u">http://gallicaintramuros.bnf.fr/ark:/12148/cb344831081/date</mxc:subfield>      <mxc:subfield code="a">Bibliothèque nationale de France</mxc:subfield>   </mxc:datafield>   <mxc:datafield tag="607" ind1=" " ind2=" ">      <mxc:subfield code="3">11943508</mxc:subfield>      <mxc:subfield code="a">France</mxc:subfield>      <mxc:subfield code="z">+* 1968......- 1968......+:1968:</mxc:subfield>      <mxc:subfield code="g">Journées de mai</mxc:subfield>   </mxc:datafield>   <mxc:datafield tag="608" ind1=" " ind2=" ">      <mxc:subfield code="3">11933071</mxc:subfield>      <mxc:subfield code="a">Périodique</mxc:subfield>   </mxc:datafield>   <mxc:datafield tag="676" ind1=" " ind2=" ">      <mxc:subfield code="3">13585669</mxc:subfield>      <mxc:subfield code="i">324.244 0750904</mxc:subfield>      <mxc:subfield code="v">23</mxc:subfield>   </mxc:datafield>   <mxc:datafield tag="676" ind1=" " ind2=" ">      <mxc:subfield code="3">13660441</mxc:subfield>      <mxc:subfield code="i">322.409 440904</mxc:subfield>      <mxc:subfield code="v">23</mxc:subfield>   </mxc:datafield>   <mxc:datafield tag="676" ind1=" " ind2=" ">      <mxc:subfield code="3">17798906</mxc:subfield>      <mxc:subfield code="i">944.083 605</mxc:subfield>      <mxc:subfield code="v">23</mxc:subfield>   </mxc:datafield>   <mxc:datafield tag="680" ind1="6" ind2=" ">      <mxc:subfield code="a">320</mxc:subfield>      <mxc:subfield code="d">320</mxc:subfield>   </mxc:datafield>   <mxc:datafield tag="680" ind1="6" ind2=" ">      <mxc:subfield code="a">944</mxc:subfield>      <mxc:subfield code="d">944</mxc:subfield>   </mxc:datafield>   <mxc:datafield tag="690" ind1=" " ind2=" ">      <mxc:subfield code="a">PERMai68</mxc:subfield>   </mxc:datafield>   <mxc:datafield tag="690" ind1=" " ind2=" ">      <mxc:subfield code="a">CorPress</mxc:subfield>   </mxc:datafield>   <mxc:datafield tag="750" ind1="2" ind2="0">      <mxc:subfield code="a">Un certain seizième</mxc:subfield>   </mxc:datafield>   <mxc:datafield tag="917" ind1=" " ind2=" ">      <mxc:subfield code="o">OPL</mxc:subfield>      <mxc:subfield code="a">016028407</mxc:subfield>   </mxc:datafield>   <mxc:datafield tag="919" ind1=" " ind2=" ">      <mxc:subfield code="p">FR</mxc:subfield>      <mxc:subfield code="o">AIC</mxc:subfield>      <mxc:subfield code="a">00450394</mxc:subfield>   </mxc:datafield>
</mxc:record>      </srw:recordData>
<srw:recordIdentifier>ark:/12148/cb344831081</srw:recordIdentifier>
<srw:recordPosition>14</srw:recordPosition>
<srw:extraRecordData>
<ixm:attr name="CreationDate">19931118</ixm:attr>
<ixm:attr name="LastModificationDate">20200820</ixm:attr>
<mn:score>10.406012</mn:score>
</srw:extraRecordData>
</srw:record>