
<srw:record>
<srw:recordSchema>marcxchange</srw:recordSchema>
<srw:recordPacking>xml</srw:recordPacking>
<srw:recordData>
<mxc:record xmlns:mxc="info:lc/xmlns/marcxchange-v2" format="INTERMARC" id="ark:/12148/cb34440437w" type="Bibliographic">   <mxc:leader>00693c01s 2200027  345a </mxc:leader>   <mxc:controlfield tag="001">FRBNF344404370000008</mxc:controlfield>   <mxc:controlfield tag="003">http://catalogue.bnf.fr/ark:/12148/cb34440437w</mxc:controlfield>   <mxc:controlfield tag="008">910321d 1991 199?            frfre1pw 7b      </mxc:controlfield>   <mxc:controlfield tag="009">ax x          xx   </mxc:controlfield>   <mxc:datafield tag="015" ind1=" " ind2=" ">      <mxc:subfield code="a">19102882</mxc:subfield>   </mxc:datafield>   <mxc:datafield tag="022" ind1="1" ind2=" ">      <mxc:subfield code="a">1156-4563</mxc:subfield>      <mxc:subfield code="c">1156-4563</mxc:subfield>      <mxc:subfield code="d">gratuit</mxc:subfield>   </mxc:datafield>   <mxc:datafield tag="051" ind1=" " ind2=" ">      <mxc:subfield code="a">txt</mxc:subfield>      <mxc:subfield code="b">n</mxc:subfield>   </mxc:datafield>   <mxc:datafield tag="110" ind1=" " ind2=" ">      <mxc:subfield code="3">12192484</mxc:subfield>      <mxc:subfield code="w">.0..b.....</mxc:subfield>      <mxc:subfield code="a">Groupe scolaire Victor Hugo</mxc:subfield>      <mxc:subfield code="c">Lyon</mxc:subfield>      <mxc:subfield code="4">0070</mxc:subfield>   </mxc:datafield>   <mxc:datafield tag="222" ind1="1" ind2=" ">      <mxc:subfield code="a">Le P'tit lu</mxc:subfield>      <mxc:subfield code="b">Lyon</mxc:subfield>   </mxc:datafield>   <mxc:datafield tag="245" ind1="1" ind2=" ">      <mxc:subfield code="a">Le P'tit lu</mxc:subfield>      <mxc:subfield code="d">Texte imprimé</mxc:subfield>      <mxc:subfield code="e">à lire au pays des pentes</mxc:subfield>      <mxc:subfield code="f">Groupe scolaire Victor-Hugo</mxc:subfield>      <mxc:subfield code="g">[dir. publ. Myriam Choffel]</mxc:subfield>   </mxc:datafield>   <mxc:datafield tag="255" ind1="2" ind2=" ">      <mxc:subfield code="a">N° 0 (1991, 11 janv.)</mxc:subfield>      <mxc:subfield code="b">?</mxc:subfield>   </mxc:datafield>   <mxc:datafield tag="260" ind1=" " ind2=" ">      <mxc:subfield code="a">Lyon</mxc:subfield>      <mxc:subfield code="b">5 impasse Flesselles, 69001</mxc:subfield>      <mxc:subfield code="c">Ecole Victor-Hugo</mxc:subfield>      <mxc:subfield code="d">1991-?</mxc:subfield>   </mxc:datafield>   <mxc:datafield tag="280" ind1=" " ind2=" ">      <mxc:subfield code="d">30 cm</mxc:subfield>   </mxc:datafield>   <mxc:datafield tag="300" ind1=" " ind2=" ">      <mxc:subfield code="a">Dernier n°  reçu au titre du dépôt légal : n°  34(1995,févr.)</mxc:subfield>   </mxc:datafield>   <mxc:datafield tag="326" ind1="1" ind2=" ">      <mxc:subfield code="a">Hebdo</mxc:subfield>   </mxc:datafield>   <mxc:datafield tag="676" ind1=" " ind2=" ">      <mxc:subfield code="3">14606115</mxc:subfield>      <mxc:subfield code="i">372.944 58</mxc:subfield>      <mxc:subfield code="v">23</mxc:subfield>   </mxc:datafield>   <mxc:datafield tag="680" ind1="1" ind2=" ">      <mxc:subfield code="a">373</mxc:subfield>   </mxc:datafield>   <mxc:datafield tag="690" ind1=" " ind2=" ">      <mxc:subfield code="a">CorPress</mxc:subfield>   </mxc:datafield>   <mxc:datafield tag="917" ind1=" " ind2=" ">      <mxc:subfield code="o">OPL</mxc:subfield>      <mxc:subfield code="a">011893019</mxc:subfield>   </mxc:datafield>   <mxc:datafield tag="970" ind1=" " ind2=" ">      <mxc:subfield code="l">D1</mxc:subfield>   </mxc:datafield>
</mxc:record>      </srw:recordData>
<srw:recordIdentifier>ark:/12148/cb34440437w</srw:recordIdentifier>
<srw:recordPosition>15</srw:recordPosition>
<srw:extraRecordData>
<ixm:attr name="CreationDate">19910321</ixm:attr>
<ixm:attr name="LastModificationDate">20200108</ixm:attr>
<mn:score>10.389555</mn:score>
</srw:extraRecordData>
</srw:record>