
<srw:record>
<srw:recordSchema>marcxchange</srw:recordSchema>
<srw:recordPacking>xml</srw:recordPacking>
<srw:recordData>
<mxc:record xmlns:mxc="info:lc/xmlns/marcxchange-v2" format="INTERMARC" id="ark:/12148/cb320815587" type="Bibliographic">   <mxc:leader>00433c6 m 22000271h 45a </mxc:leader>   <mxc:controlfield tag="001">FRBNF320815580000008</mxc:controlfield>   <mxc:controlfield tag="003">http://catalogue.bnf.fr/ark:/12148/cb320815587</mxc:controlfield>   <mxc:controlfield tag="008">970701s 1928                 vespa     b      </mxc:controlfield>   <mxc:controlfield tag="009">a                  </mxc:controlfield>   <mxc:datafield tag="051" ind1=" " ind2=" ">      <mxc:subfield code="a">txt</mxc:subfield>      <mxc:subfield code="b">n</mxc:subfield>   </mxc:datafield>   <mxc:datafield tag="100" ind1=" " ind2=" ">      <mxc:subfield code="3">11105601</mxc:subfield>      <mxc:subfield code="1">ISNI0000000120138240</mxc:subfield>      <mxc:subfield code="w">.0..b.....</mxc:subfield>      <mxc:subfield code="a">Escala</mxc:subfield>      <mxc:subfield code="m">Víctor Hugo</mxc:subfield>      <mxc:subfield code="d">1887-1964</mxc:subfield>      <mxc:subfield code="4">0070</mxc:subfield>   </mxc:datafield>   <mxc:datafield tag="245" ind1="1" ind2=" ">      <mxc:subfield code="a">La sandalia del peregrino</mxc:subfield>      <mxc:subfield code="d">Texte imprimé</mxc:subfield>      <mxc:subfield code="f">Victor H. Escala</mxc:subfield>   </mxc:datafield>   <mxc:datafield tag="250" ind1=" " ind2=" ">      <mxc:subfield code="u">2</mxc:subfield>      <mxc:subfield code="a">2a edición</mxc:subfield>   </mxc:datafield>   <mxc:datafield tag="260" ind1=" " ind2=" ">      <mxc:subfield code="a">Cáracas</mxc:subfield>      <mxc:subfield code="c">tip. Vargas</mxc:subfield>      <mxc:subfield code="d">1928</mxc:subfield>   </mxc:datafield>   <mxc:datafield tag="280" ind1=" " ind2=" ">      <mxc:subfield code="a">In-16, 258 p., portraits</mxc:subfield>   </mxc:datafield>   <mxc:datafield tag="300" ind1=" " ind2=" ">      <mxc:subfield code="a">Voyage en Extrême Orient et en Océanie</mxc:subfield>   </mxc:datafield>   <mxc:datafield tag="917" ind1=" " ind2=" ">      <mxc:subfield code="o">CRI</mxc:subfield>      <mxc:subfield code="a">SU040911270001P</mxc:subfield>   </mxc:datafield>
</mxc:record>      </srw:recordData>
<srw:recordIdentifier>ark:/12148/cb320815587</srw:recordIdentifier>
<srw:recordPosition>17</srw:recordPosition>
<srw:extraRecordData>
<ixm:attr name="CreationDate">19970701</ixm:attr>
<ixm:attr name="LastModificationDate">20110505</ixm:attr>
<mn:score>9.962798</mn:score>
</srw:extraRecordData>
</srw:record>