
<srw:record>
<srw:recordSchema>marcxchange</srw:recordSchema>
<srw:recordPacking>xml</srw:recordPacking>
<srw:recordData>
<mxc:record xmlns:mxc="info:lc/xmlns/marcxchange-v2" format="INTERMARC" id="ark:/12148/cb412893327" type="Bibliographic">   <mxc:leader>00565c0 m 22000271  45a </mxc:leader>   <mxc:controlfield tag="001">FRBNF412893320000001</mxc:controlfield>   <mxc:controlfield tag="003">http://catalogue.bnf.fr/ark:/12148/cb412893327</mxc:controlfield>   <mxc:controlfield tag="008">080630m 1899 1942            frfre     b  007 </mxc:controlfield>   <mxc:controlfield tag="009">a                  </mxc:controlfield>   <mxc:datafield tag="051" ind1=" " ind2=" ">      <mxc:subfield code="a">txt</mxc:subfield>      <mxc:subfield code="b">n</mxc:subfield>   </mxc:datafield>   <mxc:datafield tag="110" ind1=" " ind2=" ">      <mxc:subfield code="3">11712333</mxc:subfield>      <mxc:subfield code="w">20  b     </mxc:subfield>      <mxc:subfield code="a">Lycée Victor-Hugo</mxc:subfield>      <mxc:subfield code="c">Paris</mxc:subfield>      <mxc:subfield code="4">0070</mxc:subfield>   </mxc:datafield>   <mxc:datafield tag="245" ind1="0" ind2=" ">      <mxc:subfield code="a">[Palmarès]</mxc:subfield>      <mxc:subfield code="d">Texte imprimé</mxc:subfield>      <mxc:subfield code="e">Année scolaire...</mxc:subfield>      <mxc:subfield code="f">Lycée Victor Hugo</mxc:subfield>   </mxc:datafield>   <mxc:datafield tag="260" ind1=" " ind2=" ">      <mxc:subfield code="a">Paris</mxc:subfield>      <mxc:subfield code="c">[impr. du Lycée]</mxc:subfield>      <mxc:subfield code="d">1899-1942</mxc:subfield>   </mxc:datafield>   <mxc:datafield tag="280" ind1=" " ind2=" ">      <mxc:subfield code="a">7 fasc.</mxc:subfield>      <mxc:subfield code="d">23 cm</mxc:subfield>   </mxc:datafield>   <mxc:datafield tag="300" ind1=" " ind2=" ">      <mxc:subfield code="a">Edités successivement par : Paris, Lycée Victor Hugo ; Besançon, impr. Millot frères ; Paris, les presses modernes ; Paris, T.E.P.A.C.</mxc:subfield>   </mxc:datafield>   <mxc:datafield tag="750" ind1=" " ind2="4">      <mxc:subfield code="a">Distribution solennelle des prix</mxc:subfield>   </mxc:datafield>   <mxc:datafield tag="998" ind1=" " ind2=" ">      <mxc:subfield code="o">OPP</mxc:subfield>      <mxc:subfield code="a">33923658</mxc:subfield>   </mxc:datafield>   <mxc:datafield tag="998" ind1=" " ind2=" ">      <mxc:subfield code="o">CRI</mxc:subfield>      <mxc:subfield code="a">CO012101610001C</mxc:subfield>   </mxc:datafield>
</mxc:record>      </srw:recordData>
<srw:recordIdentifier>ark:/12148/cb412893327</srw:recordIdentifier>
<srw:recordPosition>19</srw:recordPosition>
<srw:extraRecordData>
<ixm:attr name="CreationDate">20080630</ixm:attr>
<ixm:attr name="LastModificationDate">20080715</ixm:attr>
<mn:score>9.895805</mn:score>
</srw:extraRecordData>
</srw:record>