
<srw:record>
<srw:recordSchema>marcxchange</srw:recordSchema>
<srw:recordPacking>xml</srw:recordPacking>
<srw:recordData>
<mxc:record xmlns:mxc="info:lc/xmlns/marcxchange-v2" format="INTERMARC" id="ark:/12148/cb34442570g" type="Bibliographic">   <mxc:leader>00541n01s 2200027  145a </mxc:leader>   <mxc:controlfield tag="001">FRBNF344425700000007</mxc:controlfield>   <mxc:controlfield tag="003">http://catalogue.bnf.fr/ark:/12148/cb34442570g</mxc:controlfield>   <mxc:controlfield tag="008">730101n xxxx                 xxxxx z?xxb      </mxc:controlfield>   <mxc:controlfield tag="009">ax x          xx   </mxc:controlfield>   <mxc:datafield tag="051" ind1=" " ind2=" ">      <mxc:subfield code="a">txt</mxc:subfield>      <mxc:subfield code="b">n</mxc:subfield>   </mxc:datafield>   <mxc:datafield tag="110" ind1=" " ind2=" ">      <mxc:subfield code="3">10150824</mxc:subfield>      <mxc:subfield code="w">20..b.....</mxc:subfield>      <mxc:subfield code="a">Lycée Victor Hugo</mxc:subfield>      <mxc:subfield code="c">Besançon</mxc:subfield>      <mxc:subfield code="4">0070</mxc:subfield>   </mxc:datafield>   <mxc:datafield tag="222" ind1="1" ind2="0">      <mxc:subfield code="a">Palmarès</mxc:subfield>      <mxc:subfield code="b">Lycée Victor Hugo</mxc:subfield>   </mxc:datafield>   <mxc:datafield tag="245" ind1="1" ind2=" ">      <mxc:subfield code="a">[Palmarès. Année scolaire...]</mxc:subfield>      <mxc:subfield code="d">Texte imprimé</mxc:subfield>   </mxc:datafield>   <mxc:datafield tag="260" ind1=" " ind2=" ">      <mxc:subfield code="a">25-Besançon, Lycée d'Etat Victor Hugo, 8, rue du Lycée</mxc:subfield>   </mxc:datafield>   <mxc:datafield tag="280" ind1=" " ind2=" ">      <mxc:subfield code="d">24 cm</mxc:subfield>   </mxc:datafield>   <mxc:datafield tag="917" ind1=" " ind2=" ">      <mxc:subfield code="o">OPL</mxc:subfield>      <mxc:subfield code="a">012211845</mxc:subfield>   </mxc:datafield>   <mxc:datafield tag="918" ind1=" " ind2=" ">      <mxc:subfield code="o">OPL</mxc:subfield>      <mxc:subfield code="a">00026669</mxc:subfield>      <mxc:subfield code="b">MON011</mxc:subfield>   </mxc:datafield>   <mxc:datafield tag="919" ind1=" " ind2=" ">      <mxc:subfield code="p">FR</mxc:subfield>      <mxc:subfield code="o">NCG</mxc:subfield>      <mxc:subfield code="a">N3007400000</mxc:subfield>   </mxc:datafield>
</mxc:record>      </srw:recordData>
<srw:recordIdentifier>ark:/12148/cb34442570g</srw:recordIdentifier>
<srw:recordPosition>20</srw:recordPosition>
<srw:extraRecordData>
<ixm:attr name="CreationDate">19910402</ixm:attr>
<ixm:attr name="LastModificationDate">20230612</ixm:attr>
<mn:score>9.874088</mn:score>
</srw:extraRecordData>
</srw:record>