
<srw:record>
<srw:recordSchema>marcxchange</srw:recordSchema>
<srw:recordPacking>xml</srw:recordPacking>
<srw:recordData>
<mxc:record xmlns:mxc="info:lc/xmlns/marcxchange-v2" format="INTERMARC" id="ark:/12148/cb40122922b" type="Bibliographic">   <mxc:leader>00793c0 m 22000271  45a </mxc:leader>   <mxc:controlfield tag="001">FRBNF40122922000000X</mxc:controlfield>   <mxc:controlfield tag="003">http://catalogue.bnf.fr/ark:/12148/cb40122922b</mxc:controlfield>   <mxc:controlfield tag="008">060307s 2005                 mxspa     b  001 </mxc:controlfield>   <mxc:controlfield tag="009">a                  </mxc:controlfield>   <mxc:datafield tag="020" ind1=" " ind2=" ">      <mxc:subfield code="a">970-722-378-2</mxc:subfield>      <mxc:subfield code="b">br.</mxc:subfield>   </mxc:datafield>   <mxc:datafield tag="051" ind1=" " ind2=" ">      <mxc:subfield code="a">txt</mxc:subfield>      <mxc:subfield code="b">n</mxc:subfield>   </mxc:datafield>   <mxc:datafield tag="100" ind1=" " ind2=" ">      <mxc:subfield code="3">15126324</mxc:subfield>      <mxc:subfield code="1">ISNI0000000045007143</mxc:subfield>      <mxc:subfield code="w"> 0  b     </mxc:subfield>      <mxc:subfield code="a">Martínez González</mxc:subfield>      <mxc:subfield code="m">Víctor Hugo</mxc:subfield>      <mxc:subfield code="4">0070</mxc:subfield>   </mxc:datafield>   <mxc:datafield tag="245" ind1="1" ind2=" ">      <mxc:subfield code="a">Fisiones y fusiones, divorcios y reconciliaciones</mxc:subfield>      <mxc:subfield code="d">Texte imprimé</mxc:subfield>      <mxc:subfield code="e">la dirigencia del Partido de la revolución democrática (PRD), 1989-2004</mxc:subfield>      <mxc:subfield code="f">Víctor Hugo Martínez González</mxc:subfield>   </mxc:datafield>   <mxc:datafield tag="260" ind1=" " ind2=" ">      <mxc:subfield code="a">México</mxc:subfield>      <mxc:subfield code="c">Plaza y Valdés</mxc:subfield>      <mxc:subfield code="d">impr. 2005</mxc:subfield>   </mxc:datafield>   <mxc:datafield tag="280" ind1=" " ind2=" ">      <mxc:subfield code="a">1 vol. (272 p.)</mxc:subfield>      <mxc:subfield code="c">ill.</mxc:subfield>      <mxc:subfield code="d">23 cm</mxc:subfield>   </mxc:datafield>   <mxc:datafield tag="300" ind1=" " ind2=" ">      <mxc:subfield code="a">Bibliogr. p. 237-256</mxc:subfield>   </mxc:datafield>   <mxc:datafield tag="606" ind1=" " ind2=" ">      <mxc:subfield code="3">12329098</mxc:subfield>      <mxc:subfield code="a">Politique et gouvernement</mxc:subfield>      <mxc:subfield code="y">Mexique</mxc:subfield>      <mxc:subfield code="z">+* 1988......- 2000......+:1988-2000:</mxc:subfield>   </mxc:datafield>   <mxc:datafield tag="606" ind1=" " ind2=" ">      <mxc:subfield code="3">14500559</mxc:subfield>      <mxc:subfield code="a">Politique et gouvernement</mxc:subfield>      <mxc:subfield code="y">Mexique</mxc:subfield>      <mxc:subfield code="z">+* 2000......- 2012......+:2000-2012:</mxc:subfield>   </mxc:datafield>   <mxc:datafield tag="610" ind1=" " ind2=" ">      <mxc:subfield code="3">14526773</mxc:subfield>      <mxc:subfield code="a">Partido de la revolución democrática</mxc:subfield>      <mxc:subfield code="c">Mexique</mxc:subfield>      <mxc:subfield code="3">11934444</mxc:subfield>      <mxc:subfield code="x">Histoire</mxc:subfield>   </mxc:datafield>
</mxc:record>      </srw:recordData>
<srw:recordIdentifier>ark:/12148/cb40122922b</srw:recordIdentifier>
<srw:recordPosition>21</srw:recordPosition>
<srw:extraRecordData>
<ixm:attr name="CreationDate">20060307</ixm:attr>
<ixm:attr name="LastModificationDate">20190525</ixm:attr>
<mn:score>9.777148</mn:score>
</srw:extraRecordData>
</srw:record>