
<srw:record>
<srw:recordSchema>marcxchange</srw:recordSchema>
<srw:recordPacking>xml</srw:recordPacking>
<srw:recordData>
<mxc:record xmlns:mxc="info:lc/xmlns/marcxchange-v2" format="INTERMARC" id="ark:/12148/cb38923447x" type="Bibliographic">   <mxc:leader>00606c01s 2200027  345a </mxc:leader>   <mxc:controlfield tag="001">FRBNF389234470000001</mxc:controlfield>   <mxc:controlfield tag="003">http://catalogue.bnf.fr/ark:/12148/cb38923447x</mxc:controlfield>   <mxc:controlfield tag="008">021205c 1993                 frfre p? 7b      </mxc:controlfield>   <mxc:controlfield tag="009">ag                 </mxc:controlfield>   <mxc:datafield tag="015" ind1=" " ind2=" ">      <mxc:subfield code="a">10204285</mxc:subfield>      <mxc:subfield code="d">20020101</mxc:subfield>   </mxc:datafield>   <mxc:datafield tag="022" ind1="1" ind2=" ">      <mxc:subfield code="a">1637-3820</mxc:subfield>      <mxc:subfield code="c">1637-3820</mxc:subfield>      <mxc:subfield code="d">le n°  2 EUR</mxc:subfield>   </mxc:datafield>   <mxc:datafield tag="051" ind1=" " ind2=" ">      <mxc:subfield code="a">txt</mxc:subfield>      <mxc:subfield code="b">n</mxc:subfield>   </mxc:datafield>   <mxc:datafield tag="110" ind1=" " ind2=" ">      <mxc:subfield code="3">12228321</mxc:subfield>      <mxc:subfield code="1">ISNI0000000121117329</mxc:subfield>      <mxc:subfield code="w">20..b.....</mxc:subfield>      <mxc:subfield code="a">Maison littéraire de Victor Hugo</mxc:subfield>      <mxc:subfield code="c">Bièvres, Essonne</mxc:subfield>      <mxc:subfield code="4">0070</mxc:subfield>   </mxc:datafield>   <mxc:datafield tag="222" ind1="0" ind2=" ">      <mxc:subfield code="a">Maison littéraire de Victor Hugo</mxc:subfield>   </mxc:datafield>   <mxc:datafield tag="245" ind1="1" ind2=" ">      <mxc:subfield code="a">Maison littéraire de Victor Hugo</mxc:subfield>      <mxc:subfield code="d">Texte imprimé</mxc:subfield>      <mxc:subfield code="f">Maison littéraire de Victor Hugo</mxc:subfield>      <mxc:subfield code="g">[dir. publ. Philippe Moine]</mxc:subfield>   </mxc:datafield>   <mxc:datafield tag="255" ind1="2" ind2=" ">      <mxc:subfield code="a">N° 1(1993,juin/nov.)</mxc:subfield>   </mxc:datafield>   <mxc:datafield tag="260" ind1=" " ind2=" ">      <mxc:subfield code="a">Paris</mxc:subfield>      <mxc:subfield code="b">23 rue Louis-le-Grand, 75031 Cedex 02</mxc:subfield>      <mxc:subfield code="c">ACEP</mxc:subfield>      <mxc:subfield code="d">1993-</mxc:subfield>   </mxc:datafield>   <mxc:datafield tag="280" ind1=" " ind2=" ">      <mxc:subfield code="d">44 cm</mxc:subfield>   </mxc:datafield>   <mxc:datafield tag="676" ind1=" " ind2=" ">      <mxc:subfield code="3">13097626</mxc:subfield>      <mxc:subfield code="i">069.094 436</mxc:subfield>      <mxc:subfield code="v">23</mxc:subfield>   </mxc:datafield>   <mxc:datafield tag="680" ind1="1" ind2=" ">      <mxc:subfield code="a">060</mxc:subfield>      <mxc:subfield code="c">060</mxc:subfield>   </mxc:datafield>
</mxc:record>      </srw:recordData>
<srw:recordIdentifier>ark:/12148/cb38923447x</srw:recordIdentifier>
<srw:recordPosition>23</srw:recordPosition>
<srw:extraRecordData>
<ixm:attr name="CreationDate">20021205</ixm:attr>
<ixm:attr name="LastModificationDate">20130628</ixm:attr>
<mn:score>9.737474</mn:score>
</srw:extraRecordData>
</srw:record>