
<srw:record>
<srw:recordSchema>marcxchange</srw:recordSchema>
<srw:recordPacking>xml</srw:recordPacking>
<srw:recordData>
<mxc:record xmlns:mxc="info:lc/xmlns/marcxchange-v2" format="INTERMARC" id="ark:/12148/cb47670054v" type="Bibliographic">   <mxc:leader>00740c0 m 22000271  45a </mxc:leader>   <mxc:controlfield tag="001">FRBNF47670054000000X</mxc:controlfield>   <mxc:controlfield tag="003">http://catalogue.bnf.fr/ark:/12148/cb47670054v</mxc:controlfield>   <mxc:controlfield tag="008">250226s 2024                 crspa     b  001 </mxc:controlfield>   <mxc:controlfield tag="009">a                  </mxc:controlfield>   <mxc:datafield tag="020" ind1=" " ind2=" ">      <mxc:subfield code="a">9789968021777</mxc:subfield>   </mxc:datafield>   <mxc:datafield tag="051" ind1=" " ind2=" ">      <mxc:subfield code="a">txt</mxc:subfield>      <mxc:subfield code="b">n</mxc:subfield>   </mxc:datafield>   <mxc:datafield tag="245" ind1="1" ind2=" ">      <mxc:subfield code="a">Antonino de Barruel, para la historia</mxc:subfield>      <mxc:subfield code="d">Texte imprimé</mxc:subfield>      <mxc:subfield code="e">un relato de la guerra contra Walker</mxc:subfield>      <mxc:subfield code="f">Víctor Hugo Acuña Ortega editor</mxc:subfield>   </mxc:datafield>   <mxc:datafield tag="260" ind1=" " ind2="1">      <mxc:subfield code="a">San José</mxc:subfield>      <mxc:subfield code="c">UCR</mxc:subfield>      <mxc:subfield code="d">2024</mxc:subfield>   </mxc:datafield>   <mxc:datafield tag="280" ind1=" " ind2=" ">      <mxc:subfield code="a">1 vol. (196 p.)</mxc:subfield>      <mxc:subfield code="d">24 cm</mxc:subfield>   </mxc:datafield>   <mxc:datafield tag="295" ind1="1" ind2=" ">      <mxc:subfield code="a">Colección anexión 200 años</mxc:subfield>   </mxc:datafield>   <mxc:datafield tag="300" ind1=" " ind2=" ">      <mxc:subfield code="a">Bibliogr. p. 193-196</mxc:subfield>   </mxc:datafield>   <mxc:datafield tag="410" ind1=" " ind2=" ">      <mxc:subfield code="3">48559160</mxc:subfield>      <mxc:subfield code="t">Colección anexión 200 años</mxc:subfield>      <mxc:subfield code="d">2024</mxc:subfield>   </mxc:datafield>   <mxc:datafield tag="600" ind1=" " ind2=" ">      <mxc:subfield code="3">14608152</mxc:subfield>      <mxc:subfield code="a">Walker</mxc:subfield>      <mxc:subfield code="m">William</mxc:subfield>      <mxc:subfield code="d">1824-1860</mxc:subfield>   </mxc:datafield>   <mxc:datafield tag="607" ind1=" " ind2=" ">      <mxc:subfield code="3">11956794</mxc:subfield>      <mxc:subfield code="a">Amérique centrale</mxc:subfield>      <mxc:subfield code="z">+* 1821......- 1951......+:1821-1951:</mxc:subfield>   </mxc:datafield>   <mxc:datafield tag="607" ind1=" " ind2=" ">      <mxc:subfield code="3">11954512</mxc:subfield>      <mxc:subfield code="a">Nicaragua</mxc:subfield>      <mxc:subfield code="z">+* 1855......- 1860......+:1855-1860:</mxc:subfield>      <mxc:subfield code="g">Guerre des flibustiers</mxc:subfield>   </mxc:datafield>   <mxc:datafield tag="700" ind1=" " ind2=" ">      <mxc:subfield code="3">12493117</mxc:subfield>      <mxc:subfield code="1">ISNI000000008153934X</mxc:subfield>      <mxc:subfield code="w">.0..b.....</mxc:subfield>      <mxc:subfield code="a">Acuña Ortega</mxc:subfield>      <mxc:subfield code="m">Víctor Hugo</mxc:subfield>      <mxc:subfield code="d">1949-....</mxc:subfield>      <mxc:subfield code="4">0360</mxc:subfield>   </mxc:datafield>
</mxc:record>      </srw:recordData>
<srw:recordIdentifier>ark:/12148/cb47670054v</srw:recordIdentifier>
<srw:recordPosition>25</srw:recordPosition>
<srw:extraRecordData>
<ixm:attr name="CreationDate">20250226</ixm:attr>
<ixm:attr name="LastModificationDate">20250829</ixm:attr>
<mn:score>9.720263</mn:score>
</srw:extraRecordData>
</srw:record>