
<srw:record>
<srw:recordSchema>marcxchange</srw:recordSchema>
<srw:recordPacking>xml</srw:recordPacking>
<srw:recordData>
<mxc:record xmlns:mxc="info:lc/xmlns/marcxchange-v2" format="INTERMARC" id="ark:/12148/cb30625011p" type="Bibliographic">   <mxc:leader>00606c6 m 22000271h 45a </mxc:leader>   <mxc:controlfield tag="001">FRBNF306250110000003</mxc:controlfield>   <mxc:controlfield tag="003">http://catalogue.bnf.fr/ark:/12148/cb30625011p</mxc:controlfield>   <mxc:controlfield tag="008">930813s 1902        .... ....frfre     b  001 </mxc:controlfield>   <mxc:controlfield tag="009">a                  </mxc:controlfield>   <mxc:datafield tag="051" ind1=" " ind2=" ">      <mxc:subfield code="a">txt</mxc:subfield>      <mxc:subfield code="b">n</mxc:subfield>   </mxc:datafield>   <mxc:datafield tag="100" ind1=" " ind2=" ">      <mxc:subfield code="3">14940601</mxc:subfield>      <mxc:subfield code="1">ISNI000000007329563X</mxc:subfield>      <mxc:subfield code="w">.0..b.fre.</mxc:subfield>      <mxc:subfield code="a">Hugo</mxc:subfield>      <mxc:subfield code="m">Georges-Victor</mxc:subfield>      <mxc:subfield code="d">1868-1925</mxc:subfield>      <mxc:subfield code="4">0070</mxc:subfield>   </mxc:datafield>   <mxc:datafield tag="245" ind1="1" ind2=" ">      <mxc:subfield code="a">Mon grand-père</mxc:subfield>      <mxc:subfield code="d">Texte imprimé</mxc:subfield>      <mxc:subfield code="f">Georges-Victor Hugo</mxc:subfield>   </mxc:datafield>   <mxc:datafield tag="260" ind1=" " ind2=" ">      <mxc:subfield code="a">Paris</mxc:subfield>      <mxc:subfield code="c">C. Lévy</mxc:subfield>      <mxc:subfield code="d">1902</mxc:subfield>   </mxc:datafield>   <mxc:datafield tag="280" ind1=" " ind2=" ">      <mxc:subfield code="a">In-16, 59 p.</mxc:subfield>   </mxc:datafield>   <mxc:datafield tag="300" ind1=" " ind2=" ">      <mxc:subfield code="a">Victor Hugo</mxc:subfield>   </mxc:datafield>   <mxc:datafield tag="619" ind1=" " ind2="0">      <mxc:subfield code="a">Hugo</mxc:subfield>      <mxc:subfield code="m">Victor</mxc:subfield>      <mxc:subfield code="z">HA</mxc:subfield>   </mxc:datafield>   <mxc:datafield tag="690" ind1=" " ind2=" ">      <mxc:subfield code="a">FichUnif</mxc:subfield>   </mxc:datafield>   <mxc:datafield tag="917" ind1=" " ind2=" ">      <mxc:subfield code="o">CRI</mxc:subfield>      <mxc:subfield code="a">CG007406430301P</mxc:subfield>   </mxc:datafield>   <mxc:datafield tag="991" ind1=" " ind2=" ">      <mxc:subfield code="a">Dédoublonnage_LN27</mxc:subfield>   </mxc:datafield>   <mxc:datafield tag="991" ind1=" " ind2=" ">      <mxc:subfield code="a">Auteur_avant_barre_de_classement_en_245_passé_en_245f</mxc:subfield>      <mxc:subfield code="d">2018-01-12</mxc:subfield>   </mxc:datafield>   <mxc:datafield tag="996" ind1=" " ind2=" ">      <mxc:subfield code="o">OPP</mxc:subfield>      <mxc:subfield code="a">34165277</mxc:subfield>      <mxc:subfield code="d">20110207</mxc:subfield>   </mxc:datafield>   <mxc:datafield tag="998" ind1=" " ind2=" ">      <mxc:subfield code="o">OPL</mxc:subfield>      <mxc:subfield code="a">01977432X</mxc:subfield>   </mxc:datafield>   <mxc:datafield tag="998" ind1=" " ind2=" ">      <mxc:subfield code="o">ARS</mxc:subfield>      <mxc:subfield code="a">FU264008500001</mxc:subfield>   </mxc:datafield>   <mxc:datafield tag="998" ind1=" " ind2=" ">      <mxc:subfield code="o">CRI</mxc:subfield>      <mxc:subfield code="a">HA014002380001P</mxc:subfield>   </mxc:datafield>
</mxc:record>      </srw:recordData>
<srw:recordIdentifier>ark:/12148/cb30625011p</srw:recordIdentifier>
<srw:recordPosition>29</srw:recordPosition>
<srw:extraRecordData>
<ixm:attr name="CreationDate">19950603</ixm:attr>
<ixm:attr name="LastModificationDate">20180112</ixm:attr>
<mn:score>9.673462</mn:score>
</srw:extraRecordData>
</srw:record>