
<srw:record>
<srw:recordSchema>marcxchange</srw:recordSchema>
<srw:recordPacking>xml</srw:recordPacking>
<srw:recordData>
<mxc:record xmlns:mxc="info:lc/xmlns/marcxchange-v2" format="INTERMARC" id="ark:/12148/cb344594614" type="Bibliographic">   <mxc:leader>00742c01s 2200027  345a </mxc:leader>   <mxc:controlfield tag="001">FRBNF344594610000008</mxc:controlfield>   <mxc:controlfield tag="003">http://catalogue.bnf.fr/ark:/12148/cb344594614</mxc:controlfield>   <mxc:controlfield tag="008">930507d 1993 2001            frfre pf 7b      </mxc:controlfield>   <mxc:controlfield tag="009">ax x          xx   </mxc:controlfield>   <mxc:datafield tag="015" ind1=" " ind2=" ">      <mxc:subfield code="a">19302754</mxc:subfield>   </mxc:datafield>   <mxc:datafield tag="022" ind1="1" ind2=" ">      <mxc:subfield code="a">1246-063X</mxc:subfield>      <mxc:subfield code="c">1246-063X</mxc:subfield>   </mxc:datafield>   <mxc:datafield tag="051" ind1=" " ind2=" ">      <mxc:subfield code="a">txt</mxc:subfield>      <mxc:subfield code="b">n</mxc:subfield>   </mxc:datafield>   <mxc:datafield tag="110" ind1=" " ind2=" ">      <mxc:subfield code="3">12309539</mxc:subfield>      <mxc:subfield code="w">.0..b.....</mxc:subfield>      <mxc:subfield code="a">Groupe Victor-Hugo</mxc:subfield>      <mxc:subfield code="4">0070</mxc:subfield>   </mxc:datafield>   <mxc:datafield tag="222" ind1="0" ind2=" ">      <mxc:subfield code="a">Soleil de la vie, savoir prévoir</mxc:subfield>   </mxc:datafield>   <mxc:datafield tag="245" ind1="1" ind2=" ">      <mxc:subfield code="a">Soleil de la vie, savoir prévoir</mxc:subfield>      <mxc:subfield code="d">Texte imprimé</mxc:subfield>      <mxc:subfield code="e">magazine d'informations du Groupe Victor-Hugo</mxc:subfield>      <mxc:subfield code="e">retraite, prévoyance, mutuelle</mxc:subfield>   </mxc:datafield>   <mxc:datafield tag="255" ind1="2" ind2=" ">      <mxc:subfield code="a">N° 1 (1993, 1er semest.)</mxc:subfield>      <mxc:subfield code="b">N°  12 (2001)</mxc:subfield>   </mxc:datafield>   <mxc:datafield tag="260" ind1=" " ind2=" ">      <mxc:subfield code="a">Epinal</mxc:subfield>      <mxc:subfield code="b">9 av. Victor-Hugo, 88000</mxc:subfield>      <mxc:subfield code="c">Groupe Victor-Hugo</mxc:subfield>      <mxc:subfield code="d">1993-2001</mxc:subfield>   </mxc:datafield>   <mxc:datafield tag="280" ind1=" " ind2=" ">      <mxc:subfield code="d">30 cm</mxc:subfield>   </mxc:datafield>   <mxc:datafield tag="676" ind1=" " ind2=" ">      <mxc:subfield code="3">13109088</mxc:subfield>      <mxc:subfield code="i">368.400 94439</mxc:subfield>   </mxc:datafield>   <mxc:datafield tag="680" ind1="1" ind2=" ">      <mxc:subfield code="a">368</mxc:subfield>   </mxc:datafield>   <mxc:datafield tag="690" ind1=" " ind2=" ">      <mxc:subfield code="a">CorPress</mxc:subfield>   </mxc:datafield>   <mxc:datafield tag="780" ind1=" " ind2="4">      <mxc:subfield code="3">34354902</mxc:subfield>      <mxc:subfield code="t">Savoir prévoir (Epinal)</mxc:subfield>      <mxc:subfield code="x">0181-6853</mxc:subfield>   </mxc:datafield>   <mxc:datafield tag="780" ind1=" " ind2="4">      <mxc:subfield code="3">34385562</mxc:subfield>      <mxc:subfield code="t">Soleil d'automne (Ed. CIRSEV)</mxc:subfield>      <mxc:subfield code="x">0753-2318</mxc:subfield>   </mxc:datafield>   <mxc:datafield tag="917" ind1=" " ind2=" ">      <mxc:subfield code="o">OPL</mxc:subfield>      <mxc:subfield code="a">015153863</mxc:subfield>   </mxc:datafield>   <mxc:datafield tag="970" ind1=" " ind2=" ">      <mxc:subfield code="l">D2</mxc:subfield>   </mxc:datafield>
</mxc:record>      </srw:recordData>
<srw:recordIdentifier>ark:/12148/cb344594614</srw:recordIdentifier>
<srw:recordPosition>30</srw:recordPosition>
<srw:extraRecordData>
<ixm:attr name="CreationDate">19930507</ixm:attr>
<ixm:attr name="LastModificationDate">20200108</ixm:attr>
<mn:score>9.670609</mn:score>
</srw:extraRecordData>
</srw:record>