
<srw:record>
<srw:recordSchema>marcxchange</srw:recordSchema>
<srw:recordPacking>xml</srw:recordPacking>
<srw:recordData>
<mxc:record xmlns:mxc="info:lc/xmlns/marcxchange-v2" format="INTERMARC" id="ark:/12148/cb38784488n" type="Bibliographic">   <mxc:leader>00560n6 m 22000271h 45a </mxc:leader>   <mxc:controlfield tag="001">FRBNF387844880000005</mxc:controlfield>   <mxc:controlfield tag="003">http://catalogue.bnf.fr/ark:/12148/cb38784488n</mxc:controlfield>   <mxc:controlfield tag="008">050210s 1926                 useng     b x    </mxc:controlfield>   <mxc:controlfield tag="009">a                  </mxc:controlfield>   <mxc:datafield tag="051" ind1=" " ind2=" ">      <mxc:subfield code="a">txt</mxc:subfield>      <mxc:subfield code="b">n</mxc:subfield>   </mxc:datafield>   <mxc:datafield tag="100" ind1=" " ind2=" ">      <mxc:subfield code="3">14380255</mxc:subfield>      <mxc:subfield code="a">Paltsits</mxc:subfield>      <mxc:subfield code="m">Victor Hugo</mxc:subfield>      <mxc:subfield code="4">0070</mxc:subfield>   </mxc:datafield>   <mxc:datafield tag="245" ind1="1" ind2=" ">      <mxc:subfield code="a">A Renaissance illuminated manuscript of Valerius Maximus</mxc:subfield>      <mxc:subfield code="d">Texte imprimé</mxc:subfield>      <mxc:subfield code="e">from the library of the Aragonese Kings of Naples</mxc:subfield>      <mxc:subfield code="f">Victor Hugo Paltsits</mxc:subfield>      <mxc:subfield code="g">by Victor Hugo Psaltsits</mxc:subfield>   </mxc:datafield>   <mxc:datafield tag="260" ind1=" " ind2=" ">      <mxc:subfield code="a">New-York</mxc:subfield>      <mxc:subfield code="c">the New-York Public Library</mxc:subfield>      <mxc:subfield code="d">1926</mxc:subfield>   </mxc:datafield>   <mxc:datafield tag="280" ind1=" " ind2=" ">      <mxc:subfield code="a">9 p. - [4] p. de pl.</mxc:subfield>      <mxc:subfield code="c">ill.</mxc:subfield>      <mxc:subfield code="d">25 cm</mxc:subfield>   </mxc:datafield>   <mxc:datafield tag="300" ind1=" " ind2=" ">      <mxc:subfield code="a">Extr. de : "Bulletin of the New-York Public Library", December 1926</mxc:subfield>   </mxc:datafield>   <mxc:datafield tag="917" ind1=" " ind2=" ">      <mxc:subfield code="o">MSS</mxc:subfield>      <mxc:subfield code="a">LT062001400001P  </mxc:subfield>   </mxc:datafield>
</mxc:record>      </srw:recordData>
<srw:recordIdentifier>ark:/12148/cb38784488n</srw:recordIdentifier>
<srw:recordPosition>33</srw:recordPosition>
<srw:extraRecordData>
<ixm:attr name="CreationDate">20050209</ixm:attr>
<ixm:attr name="LastModificationDate">20050209</ixm:attr>
<mn:score>9.653812</mn:score>
</srw:extraRecordData>
</srw:record>