
<srw:record>
<srw:recordSchema>marcxchange</srw:recordSchema>
<srw:recordPacking>xml</srw:recordPacking>
<srw:recordData>
<mxc:record xmlns:mxc="info:lc/xmlns/marcxchange-v2" format="INTERMARC" id="ark:/12148/cb37584369m" type="Bibliographic">   <mxc:leader>00663c01s 2200027  345a </mxc:leader>   <mxc:controlfield tag="001">FRBNF375843690000007</mxc:controlfield>   <mxc:controlfield tag="003">http://catalogue.bnf.fr/ark:/12148/cb37584369m</mxc:controlfield>   <mxc:controlfield tag="008">990903d 1997 199?            frfre p? 7b      </mxc:controlfield>   <mxc:controlfield tag="009">ax x          xx   </mxc:controlfield>   <mxc:datafield tag="015" ind1=" " ind2=" ">      <mxc:subfield code="a">10107281</mxc:subfield>      <mxc:subfield code="d">20010101</mxc:subfield>   </mxc:datafield>   <mxc:datafield tag="022" ind1="1" ind2=" ">      <mxc:subfield code="a">1296-6266</mxc:subfield>      <mxc:subfield code="c">1296-6266</mxc:subfield>   </mxc:datafield>   <mxc:datafield tag="051" ind1=" " ind2=" ">      <mxc:subfield code="a">txt</mxc:subfield>      <mxc:subfield code="b">n</mxc:subfield>   </mxc:datafield>   <mxc:datafield tag="110" ind1=" " ind2=" ">      <mxc:subfield code="3">13513679</mxc:subfield>      <mxc:subfield code="w">20..b.....</mxc:subfield>      <mxc:subfield code="a">Amis de Victor Hugo</mxc:subfield>      <mxc:subfield code="c">Besançon</mxc:subfield>      <mxc:subfield code="4">0070</mxc:subfield>   </mxc:datafield>   <mxc:datafield tag="222" ind1="0" ind2=" ">      <mxc:subfield code="a">Les Amis de Victor Hugo</mxc:subfield>   </mxc:datafield>   <mxc:datafield tag="245" ind1="1" ind2=" ">      <mxc:subfield code="a">Les Amis de Victor Hugo</mxc:subfield>      <mxc:subfield code="d">Texte imprimé</mxc:subfield>      <mxc:subfield code="f">Association Les Amis de Victor Hugo</mxc:subfield>      <mxc:subfield code="g">[dir. publ. Gérard Dintroz]</mxc:subfield>   </mxc:datafield>   <mxc:datafield tag="255" ind1="2" ind2=" ">      <mxc:subfield code="a">N ° 1 (1997, sept.)</mxc:subfield>      <mxc:subfield code="b">?</mxc:subfield>   </mxc:datafield>   <mxc:datafield tag="260" ind1=" " ind2=" ">      <mxc:subfield code="a">Besançon</mxc:subfield>      <mxc:subfield code="b">6 square Castan, 25000</mxc:subfield>      <mxc:subfield code="c">les Amis de Victor Hugo</mxc:subfield>      <mxc:subfield code="d">1997-[199?]</mxc:subfield>   </mxc:datafield>   <mxc:datafield tag="280" ind1=" " ind2=" ">      <mxc:subfield code="d">30 cm</mxc:subfield>   </mxc:datafield>   <mxc:datafield tag="300" ind1=" " ind2=" ">      <mxc:subfield code="a">Dernier n°  reçu au titre du dépôt légal : n°  2  (1998, mai)</mxc:subfield>   </mxc:datafield>   <mxc:datafield tag="676" ind1=" " ind2=" ">      <mxc:subfield code="3">13590581</mxc:subfield>      <mxc:subfield code="i">848.7</mxc:subfield>      <mxc:subfield code="g">critique</mxc:subfield>      <mxc:subfield code="v">23</mxc:subfield>   </mxc:datafield>   <mxc:datafield tag="680" ind1="1" ind2=" ">      <mxc:subfield code="a">800</mxc:subfield>   </mxc:datafield>   <mxc:datafield tag="917" ind1=" " ind2=" ">      <mxc:subfield code="o">OPL</mxc:subfield>      <mxc:subfield code="a">024720782</mxc:subfield>   </mxc:datafield>
</mxc:record>      </srw:recordData>
<srw:recordIdentifier>ark:/12148/cb37584369m</srw:recordIdentifier>
<srw:recordPosition>34</srw:recordPosition>
<srw:extraRecordData>
<ixm:attr name="CreationDate">19990903</ixm:attr>
<ixm:attr name="LastModificationDate">20130628</ixm:attr>
<mn:score>9.637756</mn:score>
</srw:extraRecordData>
</srw:record>