
<srw:record>
<srw:recordSchema>marcxchange</srw:recordSchema>
<srw:recordPacking>xml</srw:recordPacking>
<srw:recordData>
<mxc:record xmlns:mxc="info:lc/xmlns/marcxchange-v2" format="INTERMARC" id="ark:/12148/cb362736320" type="Bibliographic">   <mxc:leader>00530n6 m 22000271h 45a </mxc:leader>   <mxc:controlfield tag="001">FRBNF362736320000005</mxc:controlfield>   <mxc:controlfield tag="003">http://catalogue.bnf.fr/ark:/12148/cb362736320</mxc:controlfield>   <mxc:controlfield tag="008">990201s 1982                 frfre     b      </mxc:controlfield>   <mxc:controlfield tag="009">a  x          x    </mxc:controlfield>   <mxc:datafield tag="051" ind1=" " ind2=" ">      <mxc:subfield code="a">txt</mxc:subfield>      <mxc:subfield code="b">n</mxc:subfield>   </mxc:datafield>   <mxc:datafield tag="110" ind1=" " ind2=" ">      <mxc:subfield code="3">11877619</mxc:subfield>      <mxc:subfield code="1">ISNI0000000123014497</mxc:subfield>      <mxc:subfield code="w">20..b.....</mxc:subfield>      <mxc:subfield code="a">Musée Victor Hugo</mxc:subfield>      <mxc:subfield code="c">Rives-en-Seine, Seine-Maritime</mxc:subfield>      <mxc:subfield code="4">0070</mxc:subfield>   </mxc:datafield>   <mxc:datafield tag="245" ind1="1" ind2=" ">      <mxc:subfield code="a">Le Musée Victor Hugo de Villequier</mxc:subfield>      <mxc:subfield code="d">Texte imprimé</mxc:subfield>      <mxc:subfield code="r"> / [rédigé par] Élisabeth Chirol</mxc:subfield>   </mxc:datafield>   <mxc:datafield tag="260" ind1=" " ind2=" ">      <mxc:subfield code="a">Villequier (76490 Caudebec-en-Caux)</mxc:subfield>      <mxc:subfield code="c">Musée Victor Hugo</mxc:subfield>      <mxc:subfield code="d">1982</mxc:subfield>   </mxc:datafield>   <mxc:datafield tag="280" ind1=" " ind2=" ">      <mxc:subfield code="a">160 p. : ill., couv. ill. en coul. ; 21 cm</mxc:subfield>   </mxc:datafield>   <mxc:datafield tag="300" ind1=" " ind2=" ">      <mxc:subfield code="a">Bibliogr. p. 139-141. Index</mxc:subfield>   </mxc:datafield>   <mxc:datafield tag="619" ind1=" " ind2="0">      <mxc:subfield code="a">Hugo</mxc:subfield>      <mxc:subfield code="z">HC</mxc:subfield>   </mxc:datafield>   <mxc:datafield tag="681" ind1=" " ind2="9">      <mxc:subfield code="i">Lm3</mxc:subfield>      <mxc:subfield code="v">HC</mxc:subfield>   </mxc:datafield>   <mxc:datafield tag="917" ind1=" " ind2=" ">      <mxc:subfield code="o">CRI</mxc:subfield>      <mxc:subfield code="a">HC018510640001X  </mxc:subfield>   </mxc:datafield>
</mxc:record>      </srw:recordData>
<srw:recordIdentifier>ark:/12148/cb362736320</srw:recordIdentifier>
<srw:recordPosition>37</srw:recordPosition>
<srw:extraRecordData>
<ixm:attr name="CreationDate">19990201</ixm:attr>
<ixm:attr name="LastModificationDate">19990201</ixm:attr>
<mn:score>9.598174</mn:score>
</srw:extraRecordData>
</srw:record>