
<srw:record>
<srw:recordSchema>marcxchange</srw:recordSchema>
<srw:recordPacking>xml</srw:recordPacking>
<srw:recordData>
<mxc:record xmlns:mxc="info:lc/xmlns/marcxchange-v2" format="INTERMARC" id="ark:/12148/cb38907358v" type="Bibliographic">   <mxc:leader>00842c0 m 2200027   45a </mxc:leader>   <mxc:controlfield tag="001">FRBNF389073580000000</mxc:controlfield>   <mxc:controlfield tag="003">http://catalogue.bnf.fr/ark:/12148/cb38907358v</mxc:controlfield>   <mxc:controlfield tag="008">021106s 2001                 frfre1    b  001 </mxc:controlfield>   <mxc:controlfield tag="009">a  d               </mxc:controlfield>   <mxc:datafield tag="015" ind1=" " ind2=" ">      <mxc:subfield code="a">00246910</mxc:subfield>      <mxc:subfield code="d">20020101</mxc:subfield>   </mxc:datafield>   <mxc:datafield tag="020" ind1=" " ind2=" ">      <mxc:subfield code="a">2-86635-173-8</mxc:subfield>      <mxc:subfield code="b">br.</mxc:subfield>      <mxc:subfield code="d">124,63 F</mxc:subfield>      <mxc:subfield code="d">19 EUR</mxc:subfield>   </mxc:datafield>   <mxc:datafield tag="051" ind1=" " ind2=" ">      <mxc:subfield code="a">txt</mxc:subfield>      <mxc:subfield code="b">n</mxc:subfield>   </mxc:datafield>   <mxc:datafield tag="110" ind1=" " ind2=" ">      <mxc:subfield code="3">11877619</mxc:subfield>      <mxc:subfield code="1">ISNI0000000123014497</mxc:subfield>      <mxc:subfield code="w">20..b.....</mxc:subfield>      <mxc:subfield code="a">Musée Victor Hugo</mxc:subfield>      <mxc:subfield code="c">Rives-en-Seine, Seine-Maritime</mxc:subfield>      <mxc:subfield code="4">0070</mxc:subfield>   </mxc:datafield>   <mxc:datafield tag="245" ind1="1" ind2=" ">      <mxc:subfield code="a">Hugo, la main du rêve</mxc:subfield>      <mxc:subfield code="d">Texte imprimé</mxc:subfield>      <mxc:subfield code="e">dessins du Musée Victor Hugo de Villequier</mxc:subfield>   </mxc:datafield>   <mxc:datafield tag="260" ind1=" " ind2=" ">      <mxc:subfield code="a">Mont-Saint-Aignan</mxc:subfield>      <mxc:subfield code="c">Centre régional de documentation pédagogique de Haute-Normandie</mxc:subfield>      <mxc:subfield code="d">2001</mxc:subfield>   </mxc:datafield>   <mxc:datafield tag="270" ind1=" " ind2=" ">      <mxc:subfield code="a">76-Mont-Saint-Aignan</mxc:subfield>      <mxc:subfield code="c">Presses du CRDP</mxc:subfield>   </mxc:datafield>   <mxc:datafield tag="280" ind1=" " ind2=" ">      <mxc:subfield code="a">234 p.</mxc:subfield>      <mxc:subfield code="c">ill en noir et en coul., couv. ill. en coul.</mxc:subfield>      <mxc:subfield code="d">22 cm</mxc:subfield>   </mxc:datafield>   <mxc:datafield tag="600" ind1=" " ind2=" ">      <mxc:subfield code="3">11907966</mxc:subfield>      <mxc:subfield code="a">Hugo</mxc:subfield>      <mxc:subfield code="m">Victor</mxc:subfield>      <mxc:subfield code="d">1802-1885</mxc:subfield>      <mxc:subfield code="3">11936223</mxc:subfield>      <mxc:subfield code="x">Dessin</mxc:subfield>   </mxc:datafield>   <mxc:datafield tag="608" ind1=" " ind2=" ">      <mxc:subfield code="3">11975940</mxc:subfield>      <mxc:subfield code="a">Catalogues</mxc:subfield>   </mxc:datafield>   <mxc:datafield tag="610" ind1=" " ind2=" ">      <mxc:subfield code="3">11877619</mxc:subfield>      <mxc:subfield code="a">Musée Victor Hugo</mxc:subfield>      <mxc:subfield code="c">Rives-en-Seine, Seine-Maritime</mxc:subfield>   </mxc:datafield>   <mxc:datafield tag="676" ind1=" " ind2=" ">      <mxc:subfield code="3">13589417</mxc:subfield>      <mxc:subfield code="i">741.944</mxc:subfield>      <mxc:subfield code="v">23</mxc:subfield>      <mxc:subfield code="a">Recueils de dessins - France</mxc:subfield>   </mxc:datafield>   <mxc:datafield tag="680" ind1="0" ind2=" ">      <mxc:subfield code="a">740</mxc:subfield>      <mxc:subfield code="b">740</mxc:subfield>   </mxc:datafield>
</mxc:record>      </srw:recordData>
<srw:recordIdentifier>ark:/12148/cb38907358v</srw:recordIdentifier>
<srw:recordPosition>39</srw:recordPosition>
<srw:extraRecordData>
<ixm:attr name="CreationDate">20021106</ixm:attr>
<ixm:attr name="LastModificationDate">20190916</ixm:attr>
<mn:score>9.594955</mn:score>
</srw:extraRecordData>
</srw:record>