
<srw:record>
<srw:recordSchema>marcxchange</srw:recordSchema>
<srw:recordPacking>xml</srw:recordPacking>
<srw:recordData>
<mxc:record xmlns:mxc="info:lc/xmlns/marcxchange-v2" format="INTERMARC" id="ark:/12148/cb40381003x" type="Bibliographic">   <mxc:leader>00593n6 m 22000271h 45a </mxc:leader>   <mxc:controlfield tag="001">FRBNF403810030000008</mxc:controlfield>   <mxc:controlfield tag="003">http://catalogue.bnf.fr/ark:/12148/cb40381003x</mxc:controlfield>   <mxc:controlfield tag="008">000211s 1985                 frfre     b      </mxc:controlfield>   <mxc:controlfield tag="009">a z        a   xx l</mxc:controlfield>   <mxc:datafield tag="020" ind1=" " ind2=" ">      <mxc:subfield code="a">2-901780-01-6</mxc:subfield>   </mxc:datafield>   <mxc:datafield tag="051" ind1=" " ind2=" ">      <mxc:subfield code="a">txt</mxc:subfield>      <mxc:subfield code="a">sti</mxc:subfield>      <mxc:subfield code="b">n</mxc:subfield>   </mxc:datafield>   <mxc:datafield tag="110" ind1=" " ind2=" ">      <mxc:subfield code="3">11877193</mxc:subfield>      <mxc:subfield code="1">ISNI000000012108407X</mxc:subfield>      <mxc:subfield code="w">20..b.....</mxc:subfield>      <mxc:subfield code="a">Maison de Victor Hugo</mxc:subfield>      <mxc:subfield code="c">Paris</mxc:subfield>      <mxc:subfield code="4">0070</mxc:subfield>   </mxc:datafield>   <mxc:datafield tag="245" ind1="1" ind2=" ">      <mxc:subfield code="a">Dessins de Victor Hugo</mxc:subfield>      <mxc:subfield code="d">Texte imprimé</mxc:subfield>      <mxc:subfield code="f">Maison de Victor Hugo</mxc:subfield>   </mxc:datafield>   <mxc:datafield tag="260" ind1=" " ind2=" ">      <mxc:subfield code="a">Paris</mxc:subfield>      <mxc:subfield code="c">Maison de Victor Hugo</mxc:subfield>      <mxc:subfield code="d">1985</mxc:subfield>   </mxc:datafield>   <mxc:datafield tag="280" ind1=" " ind2=" ">      <mxc:subfield code="a">Non paginé : ill. en noir et en coul. ; 27 cm</mxc:subfield>   </mxc:datafield>   <mxc:datafield tag="300" ind1=" " ind2=" ">      <mxc:subfield code="a">Bibliogr. 2 p. Tables</mxc:subfield>   </mxc:datafield>   <mxc:datafield tag="619" ind1=" " ind2=" ">      <mxc:subfield code="a">Paris, Maison de Victor Hugo, collections, 1985</mxc:subfield>   </mxc:datafield>   <mxc:datafield tag="619" ind1=" " ind2=" ">      <mxc:subfield code="a">Hugo (Victor), dessins, reproductions</mxc:subfield>   </mxc:datafield>   <mxc:datafield tag="690" ind1=" " ind2=" ">      <mxc:subfield code="a">RetrEST1</mxc:subfield>   </mxc:datafield>   <mxc:datafield tag="917" ind1=" " ind2=" ">      <mxc:subfield code="o">OPB</mxc:subfield>      <mxc:subfield code="a">001669910</mxc:subfield>   </mxc:datafield>   <mxc:datafield tag="919" ind1=" " ind2=" ">      <mxc:subfield code="p">FR</mxc:subfield>      <mxc:subfield code="o">EST</mxc:subfield>      <mxc:subfield code="a">CCT0004009440000M</mxc:subfield>   </mxc:datafield>
</mxc:record>      </srw:recordData>
<srw:recordIdentifier>ark:/12148/cb40381003x</srw:recordIdentifier>
<srw:recordPosition>43</srw:recordPosition>
<srw:extraRecordData>
<ixm:attr name="CreationDate">20000211</ixm:attr>
<ixm:attr name="LastModificationDate">20000401</ixm:attr>
<mn:score>9.580048</mn:score>
</srw:extraRecordData>
</srw:record>