
<srw:record>
<srw:recordSchema>marcxchange</srw:recordSchema>
<srw:recordPacking>xml</srw:recordPacking>
<srw:recordData>
<mxc:record xmlns:mxc="info:lc/xmlns/marcxchange-v2" format="INTERMARC" id="ark:/12148/cb36021715t" type="Bibliographic">   <mxc:leader>00425n0 m 22000271  45a </mxc:leader>   <mxc:controlfield tag="001">FRBNF360217150000007</mxc:controlfield>   <mxc:controlfield tag="003">http://catalogue.bnf.fr/ark:/12148/cb36021715t</mxc:controlfield>   <mxc:controlfield tag="008">930517s 1896        .... ....frfre     b  0011</mxc:controlfield>   <mxc:controlfield tag="009">ax d               </mxc:controlfield>   <mxc:datafield tag="051" ind1=" " ind2=" ">      <mxc:subfield code="a">txt</mxc:subfield>      <mxc:subfield code="b">n</mxc:subfield>   </mxc:datafield>   <mxc:datafield tag="100" ind1=" " ind2=" ">      <mxc:subfield code="3">14940601</mxc:subfield>      <mxc:subfield code="1">ISNI000000007329563X</mxc:subfield>      <mxc:subfield code="w">.0..b.fre.</mxc:subfield>      <mxc:subfield code="a">Hugo</mxc:subfield>      <mxc:subfield code="m">Georges-Victor</mxc:subfield>      <mxc:subfield code="d">1868-1925</mxc:subfield>      <mxc:subfield code="4">0070</mxc:subfield>   </mxc:datafield>   <mxc:datafield tag="245" ind1="1" ind2=" ">      <mxc:subfield code="a">Souvenirs d'un matelot</mxc:subfield>      <mxc:subfield code="d">Texte imprimé</mxc:subfield>      <mxc:subfield code="f">Georges Hugo</mxc:subfield>   </mxc:datafield>   <mxc:datafield tag="260" ind1=" " ind2=" ">      <mxc:subfield code="a">Paris</mxc:subfield>      <mxc:subfield code="c">G. Charpentier et E. Fasquelle</mxc:subfield>      <mxc:subfield code="d">1896</mxc:subfield>   </mxc:datafield>   <mxc:datafield tag="280" ind1=" " ind2=" ">      <mxc:subfield code="a">279 p.</mxc:subfield>      <mxc:subfield code="d">19 cm</mxc:subfield>   </mxc:datafield>   <mxc:datafield tag="680" ind1=" " ind2=" ">      <mxc:subfield code="a">92 </mxc:subfield>   </mxc:datafield>   <mxc:datafield tag="917" ind1=" " ind2=" ">      <mxc:subfield code="o">OPL</mxc:subfield>      <mxc:subfield code="a">019246902</mxc:subfield>   </mxc:datafield>   <mxc:datafield tag="918" ind1=" " ind2=" ">      <mxc:subfield code="o">OPL</mxc:subfield>      <mxc:subfield code="a">00012269</mxc:subfield>      <mxc:subfield code="b">HS9301</mxc:subfield>   </mxc:datafield>   <mxc:datafield tag="919" ind1=" " ind2=" ">      <mxc:subfield code="p">FR</mxc:subfield>      <mxc:subfield code="o">HS</mxc:subfield>      <mxc:subfield code="a">S91/014300</mxc:subfield>   </mxc:datafield>
</mxc:record>      </srw:recordData>
<srw:recordIdentifier>ark:/12148/cb36021715t</srw:recordIdentifier>
<srw:recordPosition>45</srw:recordPosition>
<srw:extraRecordData>
<ixm:attr name="CreationDate">19950501</ixm:attr>
<ixm:attr name="LastModificationDate">19970420</ixm:attr>
<mn:score>9.568468</mn:score>
</srw:extraRecordData>
</srw:record>