
<srw:record>
<srw:recordSchema>marcxchange</srw:recordSchema>
<srw:recordPacking>xml</srw:recordPacking>
<srw:recordData>
<mxc:record xmlns:mxc="info:lc/xmlns/marcxchange-v2" format="INTERMARC" id="ark:/12148/cb37597057q" type="Bibliographic">   <mxc:leader>00506n0 m 2200027   45am</mxc:leader>   <mxc:controlfield tag="001">FRBNF375970570000007</mxc:controlfield>   <mxc:controlfield tag="003">http://catalogue.bnf.fr/ark:/12148/cb37597057q</mxc:controlfield>   <mxc:controlfield tag="008">911213s 1986        .... ....frfre     b  0011</mxc:controlfield>   <mxc:controlfield tag="009">ax  ur             </mxc:controlfield>   <mxc:controlfield tag="009">mexx   x          xa xxx</mxc:controlfield>   <mxc:datafield tag="051" ind1=" " ind2=" ">      <mxc:subfield code="a">txt</mxc:subfield>      <mxc:subfield code="b">h</mxc:subfield>   </mxc:datafield>   <mxc:datafield tag="100" ind1=" " ind2=" ">      <mxc:subfield code="3">12228519</mxc:subfield>      <mxc:subfield code="1">ISNI0000000000173199</mxc:subfield>      <mxc:subfield code="w">.0..b.....</mxc:subfield>      <mxc:subfield code="a">Demaria Pesce</mxc:subfield>      <mxc:subfield code="m">Victor-Hugo</mxc:subfield>      <mxc:subfield code="d">1951-....</mxc:subfield>      <mxc:subfield code="4">0070</mxc:subfield>   </mxc:datafield>   <mxc:datafield tag="245" ind1="1" ind2=" ">      <mxc:subfield code="a">Mise en évidence expérimentale de facteurs génétiques lors d'une intoxication aiguë par le monoxyde de carbone</mxc:subfield>      <mxc:subfield code="d">Microforme</mxc:subfield>   </mxc:datafield>   <mxc:datafield tag="260" ind1=" " ind2=" ">      <mxc:subfield code="a">Grenoble 2</mxc:subfield>      <mxc:subfield code="c">ANRT</mxc:subfield>      <mxc:subfield code="d">1986</mxc:subfield>   </mxc:datafield>   <mxc:datafield tag="280" ind1=" " ind2=" ">      <mxc:subfield code="a">2 microfiches</mxc:subfield>      <mxc:subfield code="d">105 x 148 mm</mxc:subfield>   </mxc:datafield>   <mxc:datafield tag="328" ind1="0" ind2=" ">      <mxc:subfield code="a">Th.</mxc:subfield>      <mxc:subfield code="b">Sci. nat.</mxc:subfield>      <mxc:subfield code="c">Paris 11</mxc:subfield>      <mxc:subfield code="d">1986</mxc:subfield>   </mxc:datafield>   <mxc:datafield tag="680" ind1=" " ind2=" ">      <mxc:subfield code="a">57 </mxc:subfield>   </mxc:datafield>   <mxc:datafield tag="917" ind1=" " ind2=" ">      <mxc:subfield code="o">OPL</mxc:subfield>      <mxc:subfield code="a">013620510</mxc:subfield>   </mxc:datafield>
</mxc:record>      </srw:recordData>
<srw:recordIdentifier>ark:/12148/cb37597057q</srw:recordIdentifier>
<srw:recordPosition>48</srw:recordPosition>
<srw:extraRecordData>
<ixm:attr name="CreationDate">19911213</ixm:attr>
<ixm:attr name="LastModificationDate">19970523</ixm:attr>
<mn:score>9.556993</mn:score>
</srw:extraRecordData>
</srw:record>